% ....názov súboru je: literatura.bib
@misc{primarny,
  author = {What is search intent and why is it important for SEO?},
  title = {Yoast},
  year = {2021},
  url = {https://yoast.com/search-intent/},
  urldate = {2023-10-31},
}

@misc{SEOsekundar,
  author = {What Is SEO (Search Engine Optimization)},
  title = {Digitalspot Academy},
  year = {2020},
  url = {https://www.digitalspotacademy.com/what-is-seo-search-engine-optimization/},
  urldate = {2023-9-24},
}
@misc{Intentsekundar,
  author = {Jiarui Qin, Weinan Zhang, Xin Wu, Jiarui Jin, Youchen Fang, Yong YU},
  title = {User Behavior Retrieval for Click-Through Rate Prediction},
  year = {2020},
  url = {https://dl.acm.org/doi/abs/10.1145/3397271.3401440?casa_token=3IzpTgwA4pkAAAAA:P8OaoSFQhJ0UB4cc2FX9yfXe31WJqy9eJRi6GWrnp9AN3zZ8EDem22NaqWUGano3SnE2lS06l9AZ3g/},
  urldate = {2023-9-24},
}

@misc{SEO3,
  author = {Botao Hu, Yuchen Zhang, Weizhu Chen, Gang Wang, Qiang Yang,},
  title = {Characterizing search intent diversity into click models},
  year = {2011},
  url = {https://dl.acm.org/doi/abs/10.1145/1963405.1963412?casa_token=BktXgGRzSb0AAAAA:286BjlQt29EsMdkUB3yrMF1zaRgZfFjaOq8Dle_ZUCzttCKveoABAAxsV58cZFHhtx12iO1gIALnIA/},
  urldate = {2023-10-15},
}
@misc{webovastranka,
  author = {Nursel Yalçın},
  title = {What is search engine optimization: SEO?},
  year = {2020},
  url = {https://www.sciencedirect.com/science/article/pii/S1877042810022901/},
  urldate = {2023-10-15},
}

@misc{BOTS,
  author = {Carlene Lebeuf,Margaret-Anne Storey,Alexey Zagalsky},
  title = {Software Bots},
  year = {2018},
  url = {https://ieeexplore.ieee.org/abstract/document/8239928/authors#authors/},
  urldate = {2023-10-15},
}

@misc{SEO&Intent,
  author = {Dan Kerns},
  title = {What is SEO -Search Engine Optimization 101},
  year = {2017},
  url = {https://books.google.sk/books?hl=sk&lr=&id=xrgzDwAAQBAJ&oi=fnd&pg=PT5&dq=what+is+SEO&ots=RkOHCR1jBV&sig=8aQb-fGiqRhqYrCCvKM5CZAeWTE&redir_esc=y#v=onepage&q=what%20is%20SEO&f=false/},
  urldate = {2023-10-15},
}
@misc{Websitefusion,
  author = {Eugene B. Visser, Melius Weideman},
  title = {Fusing website usability and search engine optimisation : original research},
  year = {2014},
  url = {https://journals.co.za/doi/abs/10.4102/sajim.v16i1.577},
  urldate = {2023-10-15},
}
@misc{CRT,
  author = {Qi PI, Weijie Bian, Guorui zhou, Xiaoqiang ZhU, Kun Gai},
  title = {Practice on Long Sequential User Behavior Modeling for Click-Through Rate Prediction},
  year = {2019},
  url = {https://dl.acm.org/doi/abs/10.1145/3292500.3330666?casa_token=yUzwPJ1nPiMAAAAA:InQUhKgivyUJZYk2eGT_1no0fV1v5uTo7XgOA-QgL2dc1diu7t1DVT-zNTE-goBcxt3dFpJknHzJbQ},
  urldate = {2023-10-15}
}
@misc{Contentmarketing,
  author = {Gavin Turner},
  title = {Content Marketing},
  year = {2019},
  url = {https://books.google.sk/books?hl=sk&lr=&id=UcrSDwAAQBAJ&oi=fnd&pg=PT17&dq=How+to+optimize+content+for+your+audience%3F&ots=JtXRhRQkfF&sig=M3jBdF3qYpqMw4_eNv8gD4CnzPY&redir_esc=y#v=onepage&q=How%20to%20optimize%20content%20for%20your%20audience%3F&f=false},
  urldate = {2023-10-15}
}