
@misc{conclusion,
  title = {Own creation},
  author = {Timotej Mih√°lik},
  year = {2023},
  url = {----}
}

@misc{Picture1,
  title = {Own creation},
  author = {Timotej Mihalik},
  year = {2023},
  url = {-----}
}

